@INPROCEEDINGS{lit:OptimalReceiverBW, 
    author={Almodovar-Faria, J.M. and McNair, J. and Wentzloff, D.}, 
    booktitle={{Wireless Communications and Networking Conference (WCNC), 2011 IEEE}}, 
    title={{Optimal receiver bandwidth for energy-detection PPM UWB systems}}, 
    year={2011}, 
    month={March}, 
    pages={1700-1705}
}


@article{lit:gomx1article, 
    author={Alminde, L. K. and Christiansen, J. and Laursen, K. K. and Midtgaard, A. and Bisgaard, M and Jensen, M. and Gosvig, B. and Birkelykke, A. and Koch, P. and Le-Moullec, Y.}, 
    title={{GomX-1: A Nano-satellite Mission to Demonstrate Improved Situational Awareness for Air Traffic Control}}, 
    year={2011}, 
    month={January}
}
http://vbn.aau.dk/files/70858093/GomX_1_A_Nano_satellite_Mission_to_Demonstrate_Improved_Situatio.pdf


@article{lit:ppmbirklykke, 
    author={Birklykke, A.A.}, 
    title={{On Pulse Position Modulation}}, 
    year={2011}, 
    month={May}
}


@ARTICLE{lit:sdrarticle, 
author={Tuttlebee, W. H W}, 
journal={Personal Communications, IEEE}, 
title={Software-defined radio: facets of a developing technology}, 
year={1999}, 
month={Apr}, 
volume={6}, 
number={2}, 
pages={38-44}, 
ISSN={1070-9916}
}
http://ieeexplore.ieee.org/xpl/articleDetails.jsp?tp=&arnumber=760422&queryText%3Dsoftware+defined+radio


@ARTICLE{lit:bandpasssamplingarticle, 
author={Vaughan, R.G. and Scott, N.L. and White, D.R.}, 
journal={IEEE Transactions on Signal Processing}, 
title={The theory of bandpass sampling}, 
year={1991}, 
month={Sep}, 
volume={39}, 
number={9}, 
pages={1973-1984}, 
keywords={computerised signal processing;Kohlenberg's sampling factor;aliasing;band position;bandpass sampling;first-order sampling;minimum sampling rate;noise considerations;out-of-band noise;parameter sensitivity;relative delay;second-order samples;signal processing;signal relocation;signal-to-noise ratio;uniform sampling streams;Bandwidth;Costs;Degradation;Frequency;Optical signal processing;Pathology;Radar signal processing;Sampling methods;Signal sampling;Signal to noise ratio},
doi={10.1109/78.134430}, 
ISSN={1053-587X},}
http://ieeexplore.ieee.org.zorac.aub.aau.dk/xpl/articleDetails.jsp?tp=&arnumber=134430&queryText%3Dthe+theory+of+bandpass+sampling


@ARTICLE{lit:lowifarticle, 
author={Crols, J and Steyaert, M.S.J.}, 
journal={IEEE Transactions on Circuits and Systems II: Analog and Digital Signal Processing}, 
title={Low-IF topologies for high-performance analog front ends of fully integrated receivers}, 
year={1998}, 
month={Mar}, 
volume={45}, 
number={3}, 
pages={269-282}, 
ISSN={1057-7130},
}
http://ieeexplore.ieee.org/xpl/articleDetails.jsp?tp=&arnumber=664233&queryText%3Dlow+if+receiver+topology

