@Book{lit:satellitecomm,
  title = {{Satellite Communication}},
  author = "Timothy Pratt and Charles W. Bostian and Jeremy E. Allnutt",
  publisher = "{Wiley}",
  edition = "2.",
  year = {2003},
  note = {ISBN: 0-471-37007-X}
}
@Book{lit:digitalradiodesign,
  title = {{Digital Radio System Design}},
  author = "Grigorios Kalivas",
  publisher = "{Wiley}",
  edition = "1.",
  year = {2009},
  note = {ISBN: 978-0-470-84709-1}
}

@Book{lit:oppenheimer,
  title = {{Discrete-Time Signal Processing}},
  author = "Alan V. Oppenheimer and Ronald W. Schafer and John R. Buck",
  publisher = "{Prentice Hall}",
  edition = "2.",
  year = {1998},
  note = {ISBN: 0-13-754920-2}
}

Not used so far :)
@Book{KRTbog,
  author =       "J. Davis Irwin and R. Mark Nelms",
  title =        "Basic Engineering Circut Analysis",
  publisher =    "John Wiley \& Sons, INC",
  year =         2001,
  edition =      "9th,",
  note =         "ISBN: 978-0-470-23455-6"
}
@Book{lit:sedrasmith,
  author =       "Adel S. Sedra and Kenneth C. Smith",
  title =        "Microelectronic Circuits",
  publisher =    "Oxford University Press",
  year =         2011,
  note =         "ISBN: 978-0-19-973851-9"
}
@Book{lit:FPGAprototyping,
  author =       "Pong P. Chu",
  title =        "FPGA Prototyping by VHDL Examples",
  publisher =    "John Wiley \& Sons, INC",
  year =         2012,
  note =         "Appended on CD"
}
@Book{lit:rfdesignbook,
  title = {RF Circuit Design},
  author = "Chris Bowick",
  publisher = {Newnes},
  year = {1982},
  note = {ISBN: 978-0-19-973851-9}
}
@Book{lit:haykinbook,
  title = {{Communication Systems}},
  author = "Simon Haykin",
  publisher = "{Wiley and Sons Inc.}",
	edition = "4.",
  year = {2001},
  note = {ISBN: 0-471-17869-1}
}
@Book{lit:understandinggps,
  title = {{Understanding GPS principles and applications}},
  author = "Elliott D. Kaplan and Christopher J. Hegarty",
  publisher = "{Artech House, Inc.}",
  edition = "2.",
  year = {2006},
  note = {ISBN: 1-58053-894-0}
}
@Book{lit:navigation,
  title = {{Aided Navigation, GPS with High Rate Sensors}},
  author = "Jay A. Farrell",
  publisher = "{The McGraw-Hill Companies.}",
  edition = "1.",
  year = {2008},
  note = {ISBN: 978-0-07-149329-1}
}
@Book{lit:gpsdkbasic,
  title = {{GPS}},
  author = "Keld Dueholm and Mikkel Laurentzius and Anna B.O. Jensen",
  publisher = "{Nyt teknisk forlag}",
  edition = "3.",
  year = {2005},
  note = {ISBN: 87-571-2555-4}
}



@Book{lit:kreyszig,
  title = {{Advanced Engineering Mathematics}},
  author = "Erwin Kreyszig and Herbert Kreyszig and Edward J. Norminton",
  publisher = "{Wiley}",
  edition = "10.",
  year = {2011},
  note = {ISBN: 978-0-470-64613-7}
}
@Book{lit:cdrcircuits,
  title = {{Monolithic Phase-Locked Loops and Clock Recovery Circuits}},
  author = "Behzad Razavi",
  publisher = "{IEEE Press}",
  edition = "1.",
  year = {1996},
  note = {ISBN: 0-7803-1149-3}
}
@Book{lit:analogfilters,
  title = {{Analog filters}},
  author = "Kendall Su",
  publisher = "{Kluwer Academic Publishers}",
  edition = "2.",
  year = {2002},
  note = {ISBN: 0-4020-7033-0}
}
@Book{lit:fourierbook,
  title = {{The Fourier Transform and Its Applications}},
  author = "Ronald N. Bracewell",
  publisher = "{The McGraw-Hill Companies}",
  edition = "3.",
  year = {2000},
  note = {ISBN: 0-07-303938-1}
}
@Book{lit:shelross,
  title = {{Introduction to Probability and Statistics for Engineers and Scientists}},
  author = "Sheldon M. Ross",
  publisher = "{Academic Press}",
  edition = "2.",
  year = {2000},
  note = {ISBN: 0-12-598472-3}
}

@book{lit:ishii,
  title={Components and Devices},
  author={Ishii, T.K.},
  note={ISBN: 9780080523774},
  url={http://books.google.dk/books?id=62GnEXeY88AC},
  year={1995},
  publisher={Elsevier Science}
}

@book{lit:proakismanolakis,
  title={Digital signal processing},
  author={Proakis, J.G. and Manolakis, D.G.},
  note={ISBN: 9780131873742},
  lccn={2005056498},
  url={http://books.google.dk/books?id=H\_5SAAAAMAAJ},
  year={2007},
  publisher={Pearson Prentice Hall}
}

@book{lit:glover2010digital,
  title={Digital Communications},
  author={Glover, I. and Grant, P.M.},
  note={ISBN: 9780273718307},
  lccn={2009018335},
  url={http://books.google.dk/books?id=qaUUCXBSBEwC},
  year={2010},
  publisher={Prentice Hall}
}
                  
@book{lit:tanenbaum2010computer,
  title={Computer Networks},
  author={Tanenbaum, A.S. and Wetherall, D.J.},
  note={ISBN: 9780132126953},
  lccn={2010034366},
  url={http://books.google.dk/books?id=I764bwAACAAJ},
  year={2010},
  publisher={Pearson Prentice Hall}
}

@book{lit:warren2012hacker,
  title={Hacker's Delight},
  author={Warren, H.S.},
  note={ISBN: 9780133085013},
  url={http://books.google.dk/books?id=VicPJYM0I5QC},
  year={2012},
  publisher={Pearson Education}
}
