************* Standards and regulations **************
*************************************************
@Article{lit:DMOstats,
	author = "{Danish Maritime Authority}",
	title = {Accidents at sea, 2010},
	month = {November},
	year = {2010},
	note = {\url{http://www.sofartsstyrelsen.dk/SiteCollectionDocuments/Publikationer/Ulykker%20til%20s%C3%B8s/OKE%20Rapporter/Ulykker%20til%20sos/Ulykker%20til%20S%C3%B8s%202010.pdf}}
}
@Article{lit:DMIB,
	author = "{DMAIB}",
	title = {Danish Maritime Accident Investigation Board, News},
	month = {September},
	year = {2012},
	note = {\url{http://www.dmaib.dk/Nyheder/Sider/Nyhedsarkiv.aspx?year=2012}}
}
@Article{lit:DMOais,
	author = "{Danish Maritime Authority}",
	title = {AIS},
	month = {September},
	year = {2012},
	note = {\url{http://www.soefartsstyrelsen.dk/ais/Sider/AIS_forside.aspx}}
}

@Article{lit:imo1,
	author = {IMO},
	title = {Convention on the International Regulations for Preventing Collisions at Sea},
	month = {October},
	year = {1972},
	note = {\url{http://www.admiraltylawguide.com/conven/collisions1972.html}}
}

@Article{lit:imo2,
	author = "{}",
	title = {},
	month = {},
	year = {},
	note = {\url{http://www.developpement-durable.gouv.fr/IMG/spipdgmt/pdf/texte-colreg\_cle7f7d24.pdf}}
}

@Article{lit:imo3,
	author = "{}",
	title = {},
	month = {},
	year = {},
	note = {\url{http://www.imo.org/Pages/home.aspx}}
}

@Article{lit:imohistory,
    author = {International Maritime Organization IMO},
    title = {Brief History of IMO},
    year = {2011},
    note = {\url{http://www.imo.org/About/HistoryOfIMO/Pages/Default.aspx}}
}

@Article{lit:FreqAlllo,
	author = "{Danish Business Authority}",
	title = {The Danish Frequency allocation table},
	month = {September},
	year = {2012},
	note = {\url{http://www.erhvervsstyrelsen.dk/file/241119/grafisk-frekvensplan-2012.pdf}}
}
@Article{lit:ChanList,
	author = "{Danish Scanner Information}",
	title = {Maritime Services},
	month = {Juli},
	year = {2012},
	note = {\url{http://www.dkscan.dk/maritim.htm}}
}


*********** KRT BOOK ******************
****************************************
@Book{KRTbog,
  author =       "J. Davis Irwin and R. Mark Nelms",
  title =        "Basic Engineering Circut Analysis",
  publisher =    "John Wiley \& Sons, INC",
  year =         2001,
  edition =      "9th,",
  note =         "ISBN: 978-0-470-23455-6"
}

*****   ANALOG BOOK  Sedra/Smith     *******
***************************************
@Book{lit:sedrasmith,
  author =       "Adel S. Sedra and Kenneth C. Smith",
  title =        "Microelectronic Circuits",
  publisher =    "Oxford University Press",
  year =         2011,
  note =         "ISBN: 978-0-19-973851-9"
}

*********** FPGA BOOK ******************
****************************************
@Book{lit:FPGAprototyping,
  author =       "Pong P. Chu",
  title =        "FPGA Prototyping by VHDL Examples",
  publisher =    "John Wiley \& Sons, INC",
  year =         2012,
  note =         "Appended on CD"
}


***********    DATASHEETs   *************
*************************************
@Misc{lit:BD4378,
	title = {Datablad for BD433-8 },
	author = "{BD437/438}",      
	publisher = {ST-Microelectronics},
	year = {2003},
	note = {Findes som bilag - Gældende for BD433, BD434, BD435, BD436, BD437, BD438}
}
@Misc{lit:fluke37,
	title = {Manual for Fluke37},
	author = "{Fluke}",
	note = {Appended on CD}
}
@Misc{lit:ADF7021,
	title = {Datasheet: ADF7021 High Performance Narrow-Band Transceiver IC },
	author = "{ADF7021}",      
	publisher = {Analog Devices},
	year = {2007},
	note = {Appended on CD}
}
@Misc{lit:ADF7021eval,
	title = {Datasheet: Evaluation Boards for ADF7021 ISM Band Transceiver },
	author = "{EVAL-ADF7021DBZX}",      
	publisher = {Analog Devices},
	year = {2007},
	note = {Appended on CD}
}
@Misc{lit:AN859,
	title = {Datasheet: RF Port Impedanve Data, Matching, and External Component Selection for the ADF7021 and others },
	author = "{AN-859}",      
	publisher = {Analog Devices, By Conner O'Mahony},
	year = {2007},
	note = {Appended on CD}
}
@Article{lit:74HC4051datasheet,
    title = "{74HC/HCT4051 datasheet}",
    author = "{Philips Semiconductors}",
    year = {1990},
    note = {Appended on CD}
}

**********  Project Presentation *********
*************************************
@Article{lit:oplagp5,
	title = {AIS communication between ships},
	author ="Hans Ebert",
	year = {2012},
	note = {Appended on CD}
}

******   SLIDES FROM LECTURES       ******
*************************************
@Misc{lit:akdmm16,
	title = {Effektforstærker del 1, Analog Circuit Design (MM16)},
	author = {Jan Hvolgaard Mikkelsen},      
	publisher = {Aalborg Universitet},
	year = {2011},
	note = {Appended on CD}
}

*************    MIS       ***************
*************************************

@Book{lit:syncgps,
    title = {In Sync with GPS: GPS Clocks for the Wireless Infrastructure},
    author = {Peter Kuykendall and Peter V. W. Loomis},
    publisher = {Trimble Navigation},
    year = {2012},
    note = {\url{http://www.4timing.com/SyncGPS.pdf}}
}

@Book{lit:gpsuser,
    title = {Navstar GPS user equipment introduction},
    author = "{U.S Department of Homeland Security}",
    publisher = "United States Government",
    year = {1996},
    note = {\url{http://www.navcen.uscg.gov/pubs/gps/gpsuser/gpsuser.pdf}}
}

@Article{lit:gpshistory,
    title = {A brief history of GPS},
    author = {Mark Sullivan},
    year = {2012},
    note = {\url{http://www.techhive.com/article/2000276/a-brief-history-of-gps.html}}
}

@Article{lit:gpsatomicclock,
    title = {The Global Positioning System: The Role of Atomic Clocks},
    author = {Gary Taubes},
    year = {2012},
    note = {\url{http://www.beyonddiscovery.org/content/view.page.asp?I=464}}
}

@Article{lit:mathematicahaversine,
    title = {Haversine},
    author = {Wolfram Mathematica},
    year = {2012},
    note = {\url{http://reference.wolfram.com/mathematica/ref/Haversine.html}}
}

@Article{lit:gishaversine,
    title = {GIS FAQ Q5.1: Great circle distance between 2 points},
    author = {Robert G. Chamberlain},
    year = {1996},
    note = {\url{http://www.movable-type.co.uk/scripts/gis-faq-5.1.html}}
}

@Article{lit:gpsbook,
    title = {Introduction to the Global Positioning System for GIS and TRAVERSE},
    author = "{Corvallis Microtechnology}",
    year = {1996},
    note = {\url{http://www.cmtinc.com/gpsbook/}}
}

@Article{lit:aboutlatlon,
    title = {Latitude and Longitude},
    author = {Matt Rosenberg},
    year = {2012},
    note = {\url{http://geography.about.com/cs/latitudelongitude/a/latlong.htm}}
}

@Article{lit:vhf,
    title = {Radio Horizon},
    author = {Neal Arundale},
    year = {2012},
    note = {\url{http://web.arundale.co.uk/docs/ais/aerial.html}}
}

@Article{lit:decodeais,
    title = {AIVDM/AIVDO protocol decoding},
    author = {Eric S. Raymond},
    year = {2011},
    month = {June},
    note = {\url{http://gpsd.berlios.de/AIVDM.html}}
}

@Article{lit:aisspecification,
    title = {Technical characteristics for an automatic identification system using time-division multiple access in the VHF maritime mobile band},
    author = "ITU",
    year = {2010},
    note = {\url{http://www.itu.int/rec/R-REC-M.1371-4-201004-I/en}}
}
@Article{lit:gmskfromti,
    title = {Frequency modulation - GMSK modulation},
    author = "{Texas Instruments}",
    year = {2003},
    note = {\url{www.ti.com/ww/cn/uprogram/share/ppt/c5000/21modulation_v110.ppt}}
}
@Article{lit:rs422fromti,
    title = {RS-422 and RS-485 Standards Overview and System Configurations},
    author = "{Texas Instruments}",
    year = {2010},
    note = {\url{http://www.ti.com/general/docs/lit/getliterature.tsp?baseLiteratureNumber=slla070}}
}

@Article{lit:nmea,
    title = {GPS - NMEA sentence information},
    author = {Glenn Baddeley},
    year = {2001},
    note = {\url{http://aprs.gids.nl/nmea/}}
}

@Article{lit:nmea2000pdf,
    title = {NMEA 2000 explained},
    author = {Frank Cassidy},
    year = {1999},
    note = {\url{www.nmea.org/Assets/2000-explained-white-paper.pdf}}
}

@Article{lit:aistransponderex,
    title = {AIS Marine Equipment},
    author = {Furuno},
    year = {2012},
    note = {\url{http://www.furuno.com/en/business_product/detail/marine/index.php?prdcd=FA-50&category=AIS&business=recreational}}
}
@Article{lit:hansaisnote,
    title = {AIS GMSK},
    author = {Hans Ebert},
    year = {2012},
    note = {\url{http://kom.aau.dk/~heb/ais-com/ais-gmsk.pdf}}
}
@Article{lit:supertankers,
    title = {Supertankers},
    author = {Bill Willis},
    year = {2001},
    note = {\url{http://www.worsleyschool.net/science/files/supertanker/page.html}}
}
@Article{lit:boatinternational,
    title = {Boat International},
    author = "{Boat International}",
    year = {2012},
    note = {\url{http://www.boatinternational.com/}}
}
@Book{lit:rfdesignbook,
    title = {RF Circuit Design},
    author = {Chris Bowick},
    publisher = {Newnes},
    year = {1982},
    note =  {ISBN: 978-0-19-973851-9}
}


