@Misc{lit:FAAweb,
	title = {{Federal Aviation Administration, Website}},
	author = {F.A.A.},
	year = {2014},
    note = {\url{http://www.faa.gov/}}
}
@Misc{lit:FAAwebregulations,
    title = {{Federal Aviation Administration, Automatic Dependent Surveillance – Broadcast (ADS-B) Out performance requirements to support Air Traffic Control (ATC) service}},
    author = {F.A.A.},
    year = {2007},
    note = {\url{http://www.faa.gov/regulations_policies/rulemaking/recently_published/media/29305.pdf}}
}
@Misc{lit:EUregulations,
    title = {{European Commission, Requirements for the performance and the interoperability of surveillance for the single European sky}},
    author   = "{E.C.}",
    year = {2011},
    note = {\url{http://www.avidyne.com/downloads/products/European-Commission-Implementing-Rule.pdf}}
}
@Misc{lit:gomx1site,
    title = {{Website}},
    author   = "{GomSpace}",
    year = {2013},
    note = {\url{http://gomspace.com/index.php?p=gomx1}}
}
@Misc{lit:adsbstandard,
    title = {{Radio Technical Commission for Aeronautics, DO-260B, Minimum Operational Performance Standards for 1090 MHz Extended Squitter – Automatic Dependent Surveillance – Broadcast (ADS-B) and raffic Information Services – Broadcast (TIS-B)}},
    author   = "{RTCA}",
    year = {2009}
}

@Misc{lit:ICAOannex10,
    title = {{Annex 10 - Aeronautical Telecommunications - Volume IV: Surveillance and Collision Avoidance Systems}},
    author = "{ICAO}",
    year = {2007}
}

@Misc{lit:TA1090EC,
    title = {{TA1090EC Datasheet}},
    author   = {Golledge},
    year = 2014
}

@Misc{lit:B3722,
    title = {{B3722 Datasheet}},
    author   = {Epcos},
    year = 2012
}

@Misc{lit:gomx1linkbudget,
    title = {{GATOSS link budget 2.2}},
    author   = "{GomSpace}",
    year = {2006},
    note = "GomSpace link budget for ADS-B reception in space"
}

@Misc{lit:atcwebsite,
    title = {{Air Traffic Atlanta, Website}},
    author   = "{A.T.C.}",
    year = {2014},
    note = {\url{http://www.airtrafficatlanta.com/ads-b_explained_primer.html}}
}

@Misc{lit:adsbleoassesment,
    title = {{ADS-B via Low Earth Orbiting Satellites Benefits Assessment}},
    author = "Jeff Dawson",
    year = {2013},
    note = {\url{http://www.icao.int/NACC/Documents/Meetings/2013/ANIWG01/ANIWG01P04.pdf}}
}

@Misc{lit:cyclone4handbook,
    title = {{Cyclone IV Device Handbook}},
    author = "Altera",
    year = {2013},
    note = {\url{http://www.altera.com/literature/lit-cyclone-iv.jsp}}
}

@Misc{lit:stratix2handbook,
    title = {{Stratix II Device Handbook}},
    author = "Altera",
    year = {2011},
    note = {\url{http://www.altera.com/literature/lit-stx2.jsp}}
}

@Misc{lit:envdetectmathworks,
    title = {{Envelope detection}},
    author = "Mathworks",
    year = {2014},
    note = {\url{http://www.mathworks.se/help/dsp/examples/envelope-detection.html#zmw57dd0e8515}}
}

@Misc{lit:envdetectgrier,
    title = {{The Hilbert Transform}},
    author = "David G. Grier",
    year = {2014},
    note = {\url{http://www.physics.nyu.edu/grierlab/idl_html_help/signal12.html}}
}
